@inproceedings{qin2016fast,
  title={A fast and robust text spotter},
  author={Qin, Siyang and Manduchi, Roberto},
  booktitle={2016 IEEE Winter Conference on Applications of Computer Vision (WACV)},
  pages={1--8},
  year={2016},
  organization={IEEE}
}
@misc{GoogleDatasets,
  title = {Google Datasets},
  howpublished = {\url{https://ai.google/tools/datasets/}},
}


@misc{GoogleDocumentTextTutorial,
  title = {Google Document Text Tutorial},
  howpublished = {\url{https://cloud.google.com/vision/docs/fulltext-annotations}},
}


@misc{GoogleMLkit,
  title = {Google MLkit},
  howpublished = {\url{https://firebase.google.com/products/ml-kit}},
}


@misc{GoogleDatasets,
  title = {Google Datasets},
  howpublished = {\url{https://ai.google/tools/datasets/}},
}

@misc{IBMclassifier,
  title = {IBM classifier},
  howpublished = {\url{https://www.ibm.com/watson/services/visual-recognition/}},
}

@misc{clarif,
  title = {clarifai.com},
  howpublished = {\url{https://clarifai.com}},
}



@misc{MLImageLable,
  title = {Firebase Image labeling},
  howpublished = {\url{https://firebase.google.com/docs/ml-kit/label-images}},
}


@misc{MLRecognize text,
  title = {Firebase Recognize text},
  howpublished = {\url{https://firebase.google.com/docs/ml-kit/recognize-text}},
}



@misc{AVSpeechSynthesizer,
  title = {IOS AVSpeechSynthesizer class },
  howpublished = {\url{https://code.tutsplus.com/tutorials/create-a-text-to-speech-app-with-swift--cms-22229}},
}

@misc{USBlindStatistics,
  title = {United States Blindness Statistics},
  howpublished = {\url{https://www.nfb.org/resources/blindness-statistics}},
}

@misc{WHOlindStatistics,
  title = {World Health Organization Blindness Statistics},
  howpublished = {\url{https://www.who.int/news-room/fact-sheets/detail/blindness-and-visual-impairment}},
}

@article{nickel2015review,
  title={A review of relational machine learning for knowledge graphs},
  author={Nickel, Maximilian and Murphy, Kevin and Tresp, Volker and Gabrilovich, Evgeniy},
  journal={Proceedings of the IEEE},
  volume={104},
  number={1},
  pages={11--33},
  year={2015},
  publisher={IEEE}
}

@article{kotsiantis2006machine,
  title={Machine learning: a review of classification and combining techniques},
  author={Kotsiantis, Sotiris B and Zaharakis, Ioannis D and Pintelas, Panayiotis E},
  journal={Artificial Intelligence Review},
  volume={26},
  number={3},
  pages={159--190},
  year={2006},
  publisher={Springer}
}

@article{kotsiantis2007supervised,
  title={Supervised machine learning: A review of classification techniques},
  author={Kotsiantis, Sotiris B and Zaharakis, I and Pintelas, P},
  journal={Emerging artificial intelligence applications in computer engineering},
  volume={160},
  pages={3--24},
  year={2007}
}



@misc{TTSandroid,
  title = {Android Text To Speech Tutorial},
  howpublished = {\url{https://javapapers.com/android/android-text-to-speech-tutorial/}},
}


@inproceedings{wang2016cnn,
  title={Cnn-rnn: A unified framework for multi-label image classification},
  author={Wang, Jiang and Yang, Yi and Mao, Junhua and Huang, Zhiheng and Huang, Chang and Xu, Wei},
  booktitle={Proceedings of the IEEE conference on computer vision and pattern recognition},
  pages={2285--2294},
  year={2016}
}